@book{stewart2012calculo,
  author    = {James Stewart},
  title     = {Cálculo de una Variable: Trascendentes Tempranas},
  publisher = {Cengage Learning},
  year      = {2012},
  edition   = {7},
  address   = {México}
}

@book{serway2018fisica,
  author    = {Raymond A. Serway and John W. Jewett},
  title     = {Física para Ciencias e Ingeniería},
  publisher = {Cengage Learning},
  year      = {2018},
  edition   = {10},
  volume    = {1}
}

@book{brown2014quimica,
  author    = {Theodore L. Brown and H. Eugene LeMay and Bruce E. Bursten},
  title     = {Química: La Ciencia Central},
  publisher = {Pearson},
  year      = {2014},
  edition   = {12}
}

@article{euler1748analisis,
  author  = {Leonhard Euler},
  title   = {Introductio in analysin infinitorum},
  journal = {Marcum-Michaelem Bousquet},
  year    = {1748},
  volume  = {1}
}

@online{khan2024calculo,
  author  = {{Khan Academy}},
  title   = {Cálculo Diferencial},
  year    = {2024},
  url     = {https://es.khanacademy.org/math/calculus-1},
  urldate = {2024-10-28}
}